@article{RRLB-linear-MPC,
  author  = {Feller, Christian and Ebenbauer, Christian},
  journal = {IEEE Transactions on Automatic Control},
  title   = {Relaxed Logarithmic Barrier Function Based Model Predictive Control of Linear Systems},
  year    = {2017},
  volume  = {62},
  number  = {3},
  pages   = {1223-1238},
  doi     = {10.1109/TAC.2016.2582040}
}

@book{MPC-book,
  title={Model Predictive Control: Theory, Computation, and Design},
  author={Rawlings, J.B. and Mayne, D.Q. and Diehl, M.},
  isbn={9780975937730},
  url={https://books.google.ch/books?id=MrJctAEACAAJ},
  year={2017},
  publisher={Nob Hill Publishing}
}
